@MISC{netted-balance,
    author = {Buterin, Vitalik},
    title = {An even simpler meta-execution environment for ETH},
    month = {December},
    year = {2019},
    howpublished = {\url{https://ethresear.ch/t/an-even-simpler-meta-execution-environment-for-eth/6704}}
}

@MISC{peter-cross-shard,
    author = {Robinson, Peter},
    title = {Atomic Cross Shard Function Calls using System Events, Live Parameter Checking, and Contract Locking},
    month = {March},
    year = {2020},
    howpublished = {\url{https://ethresear.ch/t/atomic-cross-shard-function-calls-using-system-events-live-parameter-checking-contract-locking/7114}}
}

@MISC{ethres-raghavendra,
    author = {Ramesh, Raghavendra},
    title = {Atomic Asynchronous Cross-shard User-level ETH transfers over netted EE transfers},
    month = {April},
    year = {2020},
    howpublished = {\url{https://ethresear.ch/t/atomic-asynchronous-cross-shard-user-level-eth-transfers-over-netted-ee-transfers/7277}}
}

@MISC{eth,
    title = {Ethereum},
    howpublished = {\url{https://ethereum.org}}
}

@MISC{sharding,
    author = {Buterin, Vitalik},
    title = {Why sharding is great: demystifying the technical properties},
    month = {April},
    year = {2021},
    howpublished = {\url{https://vitalik.ca/general/2021/04/07/sharding.html}}
}
